% From the Overleaf Citations reference page https://www.overleaf.com/learn/latex/Bibliography_management_with_biblatex

@article{einstein,
    author = "Albert Einstein",
    title = "{Zur Elektrodynamik bewegter K{\"o}rper}. ({German})
    [{On} the electrodynamics of moving bodies]",
    journal = "Annalen der Physik",
    volume = "322",
    number = "10",
    pages = "891--921",
    year = "1905",
    DOI = "http://dx.doi.org/10.1002/andp.19053221004",
    keywords = "physics"
}

@book{dirac,
    title = {The Principles of Quantum Mechanics},
    author = {Paul Adrien Maurice Dirac},
    isbn = {9780198520115},
    series = {International series of monographs on physics},
    year = {1981},
    publisher = {Clarendon Press},
    keywords = {physics}
}


@online{websocketMozilla,
    author = "MozDevNet",
    title = "The Websocket API (WebSockets)",
    date = "2023",
    url = "https://developer.mozilla.org/en-US/docs/Web/API/WebSockets_API"
}

@online{diaconu,
    author = {Alex Diaconu},
    title = {What is WebSocket?},
    date = {2023},
    url = {https://ably.com/topic/websockets?utm_campaign=evergreen},
}

@online{socketio,
    author = {Priya Pedamkar},
    title = {WebSocket vs Socket.io},
    date = {2023},
    url = {https://www.educba.com/websocket-vs-socket-io/},
}